%YAML 1.1
%TAG !u! tag:unity3d.com,2011:
--- !u!1 &1408415159475576023
GameObject:
  m_ObjectHideFlags: 0
  m_CorrespondingSourceObject: {fileID: 0}
  m_PrefabInstance: {fileID: 0}
  m_PrefabAsset: {fileID: 0}
  serializedVersion: 6
  m_Component:
  - component: {fileID: 1408415159475576020}
  - component: {fileID: 1408415159475576021}
  - component: {fileID: 1408415159475576042}
  m_Layer: 0
  m_Name: TwistingTool
  m_TagString: Untagged
  m_Icon: {fileID: 0}
  m_NavMeshLayer: 0
  m_StaticEditorFlags: 0
  m_IsActive: 1
--- !u!4 &1408415159475576020
Transform:
  m_ObjectHideFlags: 0
  m_CorrespondingSourceObject: {fileID: 0}
  m_PrefabInstance: {fileID: 0}
  m_PrefabAsset: {fileID: 0}
  m_GameObject: {fileID: 1408415159475576023}
  m_LocalRotation: {x: 0, y: 0, z: 0, w: 1}
  m_LocalPosition: {x: 0, y: 0, z: 0}
  m_LocalScale: {x: 1, y: 1, z: 1}
  m_Children:
  - {fileID: 1408415160222222089}
  m_Father: {fileID: 0}
  m_RootOrder: 0
  m_LocalEulerAnglesHint: {x: 0, y: 0, z: 0}
--- !u!114 &1408415159475576021
MonoBehaviour:
  m_ObjectHideFlags: 0
  m_CorrespondingSourceObject: {fileID: 0}
  m_PrefabInstance: {fileID: 0}
  m_PrefabAsset: {fileID: 0}
  m_GameObject: {fileID: 1408415159475576023}
  m_Enabled: 1
  m_EditorHideFlags: 0
  m_Script: {fileID: 11500000, guid: 29cb64d0c6c973e468ff7b5a1a1267e1, type: 3}
  m_Name: 
  m_EditorClassIdentifier: 
  PrimaryActionStarted:
    m_PersistentCalls:
      m_Calls: []
  PrimaryActionStopped:
    m_PersistentCalls:
      m_Calls: []
  SecondaryActionStarted:
    m_PersistentCalls:
      m_Calls: []
  SecondaryActionStopped:
    m_PersistentCalls:
      m_Calls: []
  PrimaryButtonPressed:
    m_PersistentCalls:
      m_Calls: []
  PrimaryButtonReleased:
    m_PersistentCalls:
      m_Calls: []
  SecondaryButtonPressed:
    m_PersistentCalls:
      m_Calls: []
  SecondaryButtonReleased:
    m_PersistentCalls:
      m_Calls: []
  singleAxisButtonProvider: {fileID: 1408415159475576042}
  toolName: Twisting
  toolNameTooltip: {fileID: 0}
  primaryActionIsTwist: 1
  selectionSphereObject: {fileID: 1408415160222222094}
--- !u!114 &1408415159475576042
MonoBehaviour:
  m_ObjectHideFlags: 0
  m_CorrespondingSourceObject: {fileID: 0}
  m_PrefabInstance: {fileID: 0}
  m_PrefabAsset: {fileID: 0}
  m_GameObject: {fileID: 1408415159475576023}
  m_Enabled: 1
  m_EditorHideFlags: 0
  m_Script: {fileID: 11500000, guid: e3db3bc82def8c8479a66f6b4cfd6443, type: 3}
  m_Name: 
  m_EditorClassIdentifier: 
  floatButtonsActions:
  - axisName: Trigger
    pressedThreshold: 0.1
    onButtonUp:
      m_PersistentCalls:
        m_Calls:
        - m_Target: {fileID: 1408415159475576021}
          m_MethodName: OnPrimaryButtonRelease
          m_Mode: 1
          m_Arguments:
            m_ObjectArgument: {fileID: 0}
            m_ObjectArgumentAssemblyTypeName: UnityEngine.Object, UnityEngine
            m_IntArgument: 0
            m_FloatArgument: 0
            m_StringArgument: 
            m_BoolArgument: 0
          m_CallState: 2
    onButtonDown:
      m_PersistentCalls:
        m_Calls:
        - m_Target: {fileID: 1408415159475576021}
          m_MethodName: OnPrimaryButtonPress
          m_Mode: 1
          m_Arguments:
            m_ObjectArgument: {fileID: 0}
            m_ObjectArgumentAssemblyTypeName: UnityEngine.Object, UnityEngine
            m_IntArgument: 0
            m_FloatArgument: 0
            m_StringArgument: 
            m_BoolArgument: 0
          m_CallState: 2
    onAxisValueUpdated:
      m_PersistentCalls:
        m_Calls: []
  - axisName: Grip
    pressedThreshold: 0.1
    onButtonUp:
      m_PersistentCalls:
        m_Calls:
        - m_Target: {fileID: 1408415159475576021}
          m_MethodName: OnSecondaryButtonRelease
          m_Mode: 1
          m_Arguments:
            m_ObjectArgument: {fileID: 0}
            m_ObjectArgumentAssemblyTypeName: UnityEngine.Object, UnityEngine
            m_IntArgument: 0
            m_FloatArgument: 0
            m_StringArgument: 
            m_BoolArgument: 0
          m_CallState: 2
    onButtonDown:
      m_PersistentCalls:
        m_Calls:
        - m_Target: {fileID: 1408415159475576021}
          m_MethodName: OnSecondaryButtonPress
          m_Mode: 1
          m_Arguments:
            m_ObjectArgument: {fileID: 0}
            m_ObjectArgumentAssemblyTypeName: UnityEngine.Object, UnityEngine
            m_IntArgument: 0
            m_FloatArgument: 0
            m_StringArgument: 
            m_BoolArgument: 0
          m_CallState: 2
    onAxisValueUpdated:
      m_PersistentCalls:
        m_Calls: []
  boolButtonsActions:
  - axisName: PrimaryButton
    onButtonUp:
      m_PersistentCalls:
        m_Calls: []
    onButtonDown:
      m_PersistentCalls:
        m_Calls: []
    onAxisValueUpdated:
      m_PersistentCalls:
        m_Calls: []
  - axisName: Primary2DAxisTouch
    onButtonUp:
      m_PersistentCalls:
        m_Calls: []
    onButtonDown:
      m_PersistentCalls:
        m_Calls: []
    onAxisValueUpdated:
      m_PersistentCalls:
        m_Calls: []
  - axisName: Primary2DAxisClick
    onButtonUp:
      m_PersistentCalls:
        m_Calls: []
    onButtonDown:
      m_PersistentCalls:
        m_Calls: []
    onAxisValueUpdated:
      m_PersistentCalls:
        m_Calls: []
  overrideController: {fileID: 0}
--- !u!1001 &5057961383986817274
PrefabInstance:
  m_ObjectHideFlags: 0
  serializedVersion: 2
  m_Modification:
    m_TransformParent: {fileID: 1408415159475576020}
    m_Modifications:
    - target: {fileID: 6177477664719204338, guid: 4c5e72aba69a20441a0f50d834e0c99b,
        type: 3}
      propertyPath: m_Name
      value: SelectionSphere
      objectReference: {fileID: 0}
    - target: {fileID: 6177477664719204339, guid: 4c5e72aba69a20441a0f50d834e0c99b,
        type: 3}
      propertyPath: m_LocalPosition.x
      value: 0
      objectReference: {fileID: 0}
    - target: {fileID: 6177477664719204339, guid: 4c5e72aba69a20441a0f50d834e0c99b,
        type: 3}
      propertyPath: m_LocalPosition.y
      value: 0
      objectReference: {fileID: 0}
    - target: {fileID: 6177477664719204339, guid: 4c5e72aba69a20441a0f50d834e0c99b,
        type: 3}
      propertyPath: m_LocalPosition.z
      value: 0
      objectReference: {fileID: 0}
    - target: {fileID: 6177477664719204339, guid: 4c5e72aba69a20441a0f50d834e0c99b,
        type: 3}
      propertyPath: m_LocalRotation.x
      value: 0
      objectReference: {fileID: 0}
    - target: {fileID: 6177477664719204339, guid: 4c5e72aba69a20441a0f50d834e0c99b,
        type: 3}
      propertyPath: m_LocalRotation.y
      value: 0
      objectReference: {fileID: 0}
    - target: {fileID: 6177477664719204339, guid: 4c5e72aba69a20441a0f50d834e0c99b,
        type: 3}
      propertyPath: m_LocalRotation.z
      value: 0
      objectReference: {fileID: 0}
    - target: {fileID: 6177477664719204339, guid: 4c5e72aba69a20441a0f50d834e0c99b,
        type: 3}
      propertyPath: m_LocalRotation.w
      value: 1
      objectReference: {fileID: 0}
    - target: {fileID: 6177477664719204339, guid: 4c5e72aba69a20441a0f50d834e0c99b,
        type: 3}
      propertyPath: m_RootOrder
      value: 0
      objectReference: {fileID: 0}
    - target: {fileID: 6177477664719204339, guid: 4c5e72aba69a20441a0f50d834e0c99b,
        type: 3}
      propertyPath: m_LocalEulerAnglesHint.x
      value: 0
      objectReference: {fileID: 0}
    - target: {fileID: 6177477664719204339, guid: 4c5e72aba69a20441a0f50d834e0c99b,
        type: 3}
      propertyPath: m_LocalEulerAnglesHint.y
      value: 0
      objectReference: {fileID: 0}
    - target: {fileID: 6177477664719204339, guid: 4c5e72aba69a20441a0f50d834e0c99b,
        type: 3}
      propertyPath: m_LocalEulerAnglesHint.z
      value: 0
      objectReference: {fileID: 0}
    m_RemovedComponents: []
  m_SourcePrefab: {fileID: 100100000, guid: 4c5e72aba69a20441a0f50d834e0c99b, type: 3}
--- !u!4 &1408415160222222089 stripped
Transform:
  m_CorrespondingSourceObject: {fileID: 6177477664719204339, guid: 4c5e72aba69a20441a0f50d834e0c99b,
    type: 3}
  m_PrefabInstance: {fileID: 5057961383986817274}
  m_PrefabAsset: {fileID: 0}
--- !u!135 &1408415160222222094 stripped
SphereCollider:
  m_CorrespondingSourceObject: {fileID: 6177477664719204340, guid: 4c5e72aba69a20441a0f50d834e0c99b,
    type: 3}
  m_PrefabInstance: {fileID: 5057961383986817274}
  m_PrefabAsset: {fileID: 0}
